<record><leader>00000nas a22000007i 4500</leader><controlfield tag="001">911044971</controlfield><controlfield tag="008">150615d19101915iluwr ne      0   b0cze  </controlfield><datafield ind1=" " ind2=" " tag="010"><subfield code="a">  2015202864</subfield></datafield><datafield ind1=" " ind2=" " tag="040"><subfield code="a">DLC</subfield><subfield code="e">rda</subfield><subfield code="c">DLC</subfield><subfield code="b">eng</subfield></datafield><datafield ind1=" " ind2=" " tag="012"><subfield code="l">1</subfield></datafield><datafield ind1="0" ind2=" " tag="022"><subfield code="a">2379-7053</subfield><subfield code="2">1</subfield></datafield><datafield ind1=" " ind2=" " tag="042"><subfield code="a">nsdp</subfield><subfield code="a">pcc</subfield></datafield><datafield ind1="1" ind2="0" tag="050"><subfield code="a">ISSN RECORD</subfield></datafield><datafield ind1="1" ind2="0" tag="082"><subfield code="a">070</subfield><subfield code="2">15</subfield></datafield><datafield ind1=" " ind2="0" tag="222"><subfield code="a">S&#780;i&#769;py</subfield><subfield code="b">(Chicago)</subfield></datafield><datafield ind1="0" ind2="0" tag="245"><subfield code="a">S&#780;i&#769;py.</subfield></datafield><datafield ind1="1" ind2=" " tag="246"><subfield code="a">Arrows</subfield></datafield><datafield ind1=" " ind2="1" tag="264"><subfield code="a">Chicago, Ill. :</subfield><subfield code="b">Denni&#769; Oznamovatel Publishing Company,</subfield><subfield code="c">1910-1915.</subfield></datafield><datafield ind1=" " ind2=" " tag="310"><subfield code="a">Weekly</subfield></datafield><datafield ind1=" " ind2=" " tag="336"><subfield code="a">text</subfield><subfield code="b">txt</subfield><subfield code="2">rdacontent</subfield></datafield><datafield ind1=" " ind2=" " tag="337"><subfield code="a">unmediated</subfield><subfield code="b">n</subfield><subfield code="2">rdamedia</subfield></datafield><datafield ind1=" " ind2=" " tag="338"><subfield code="a">volume</subfield><subfield code="b">nc</subfield><subfield code="2">rdacarrier</subfield></datafield><datafield ind1="1" ind2=" " tag="362"><subfield code="a">Began with Roc&#780;nik 1 (22 Leden 1910); ceased with Roc&#780;nik 6, Cislo 27 (31 C&#780;ervenec 1915).</subfield></datafield><datafield ind1=" " ind2=" " tag="588"><subfield code="a">Description based on Roc&#780;nik 1 (22 Leden 1910) (surrogate); title from caption.</subfield></datafield><datafield ind1=" " ind2=" " tag="588"><subfield code="a">Latest issue consulted: Roc&#780;nik 1 (22 Leden 1910) (surrogate).</subfield></datafield></record>